@article{gwptdescendent,
    author={Oblomkov, Alexei and Okounkov, Andrei and Pandharipande, Rahul},
    title={GW/PT descendent correspondence via vertex operators},
    journaltitle={Commun. Math. Phys.},
    volume={374},
    year={2020},
    pages={1321--1359}
}

@article{op1,
    author={Okoumkov, Andrei and Pandharipande, Rahul},
    title={Gromov-Witten theory, Hurwitz theory, and completed cycles},
    journaltitle={Ann. of Math.},
    volume={163},
    year={2006},
    pages={517--560}
}

@article{ptthy,
    author={Pandharipande, Rahul and Thomas, Richard},
    title={Curve counting via stable pairs in the derived category},
    journaltitle={Invent. Math.},
    volume={178},
    year={2009},
    pages={407--447}
}

@article{elsv,
    author={Ekedahl, Torsten and Lando, Sergei and Shapiro, Michael and Vainshtein, Alek},
    title={On Hurwitz number and Hodge integrals},
    journaltitle={C. R. Acad. sci. Ser. I Math.},
    volume={328},
    number={12},
    year={1999},
    pages={1175--1180}
}

@article{op2,
    author={Okoumkov, Andrei and Pandharipande, Rahul},
    title={The equivariant Gromov-Witten theory of {$\mathbf{P}^1$}},
    journaltitle={Ann. of Math.},
    volume={163},
    year={2006},
    pages={561--605}
}

@article{algcob,
    author={Levine, Marc and Pandharipande, Rahul},
    title={Algebraic cobordism revisited},
    journaltitle={Invent. Math.},
    volume={176},
    year={2009},
    pages={63--130}
}

@article{expdeg,
    author={Li, Jun},
    title={Stable morphisms to singular schemes and relative stable morphisms},
    journaltitle={J. Diff. Geom.},
    volume={57},
    year={2001},
    pages={509--578}
}

@misc{logdt,
    doi = {10.48550/ARXIV.2006.06603},
    author = {Maulik, Davesh and Ranganathan, Dhruv},
    title = {Logarithmic Donaldson-Thomas theory},
    publisher = {arXiv},
    year = {2020},
}

@article{expman,
    author={Parker, Brett},
    title={Exploded manifolds},
    journaltitle={Adv. in Math.},
    volume={229},
    number={6},
    year={2012},
    pages={3256--3319}
}

@book{harmor,
    author={Harris, Joe and Morrison, Ian},
    title={Moduli of curves},
    year={1998},
    location={New York},
    publisher={Springer},
    series={Graduate Texts in Mathematics}
}

@article{getz,
    author={Getzler, Ezra},
    title={The equivariant Toda conjecture},
    journaltitle={Publ. Res. Inst. Math. Sci.},
    volume={40},
    year={2004},
    pages={507--536}
}

@article{kaz,
    author={Kazarian, Maxim},
    title={KP hierarchy for Hodge integrals},
    journaltitle={Adv. in Math.},
    volume={221},
    number={NN},
    year={2009},
    pages={1--21}
}

@article{mnop1,
    author={Maulik, Davesh and Nekrasov, Nikita and Okounkov, Andrei and Pandharipande, Rahul},
    title={Gromov-Witten theory and Donaldson-Thomas theory, I},
    journaltitle={Compos. Math.},
    volume={142},
    number={5},
    year={2006},
    pages={1263--1285}
}

@article{mnop2,
    author={Maulik, Davesh and Nekrasov, Nikita and Okounkov, Andrei and Pandharipande, Rahul},
    title={Gromov-Witten theory and Donaldson-Thomas theory, II},
    journaltitle={Compos. Math.},
    volume={142},
    number={5},
    year={2006},
    pages={1286--1304}
}

@article{vertexphys,
    author={Aganagic, Mina and Klemm, Albrecht and Mari{\~{n}}o, Marcos and Vafa, Cumrun},
    title={The topological vertex},
    journaltitle={Commun. Math. Phys.},
    volume={254},
    year={2005},
    pages={425--478}
}

@inbook{crystals,
    author={Okounkov, Andrei and Reshetikhin, Nikolai and Vafa, Cumrun},
    title={Quantum Calabi-Yau and classical crystals},
    booktitle={The unity of mathematics: in honor of the ninetieth birthday of I.M. Gelfand},
    year={2006},
    publisher={Birkh{\"a}user Boston},
    location={Boston},
    pages={597--618},
    editor={Etingof, Pavel and Retakh, Vladimir and Singer, I.M.}
}

@article{relorbdt,
    author={Zhou, Zijun},
    title={Relative orbifold Donaldson-Thomas theory and the degeneration formula},
    journaltitle={Algebraic Geom.},
    volume={5},
    number={4},
    year={2018},
    pages={464--522}
}

@article{moop,
    author={Maulik, Davesh and Oblomkov, Alexei and Okounkov, Andrei and Pandharipande, Rahul},
    title={Gromov-Witten/Donaldson-Thomas correspondence for toric 3-folds},
    journaltitle={Invent. Math.},
    volume={186},
    year={2011},
    pages={435--479}
}

@article{nekshat,
    author={Nekrasov, Nikita and Shatashvili, Samson},
    title={Supersymmetric vacua and Bethe ansatz},
    journaltitle={Nucl. Phys. Proc. Suppl.},
    volume={192--193},
    year={2009},
    pages={91--112}
}

@article{gwhodge,
    author={Faber, Carel and Pandharipande, Rahul},
    title={Hodge integrals and Gromov-Witten theory},
    journaltitle={Invent. Math.},
    volume={139},
    year={2000},
    pages={173--199}
}

@article{takagidt,
    author={Okounkov, Andrei},
    title={Takagi lectures on Donaldson-Thomas theory},
    journaltitle={Jpn. J. Math.},
    volume={14},
    year={2019},
    pages={67--133}
}

@article{moreira,
    author={Moreira, Miguel},
    title={Virasoro conjecture for the stable pairs descendent theory of simply connected 3-folds (with applications to the Hilbert scheme of points of a surface)},
    journaltitle={J. London Math. Soc.},
    volume={106},
    year={2022},
    pages={154--191}
}

@incollection{pcmi,
    author={Okounkov, Andrei},
    title={Lectures on K-theoretic computations in enumerative geometry},
    booktitle={Geometry of moduli spaces and representation theory},
    year={2017},
    pages={251--380},
    editor={Bezrukavnikov, Roman and Braverman, Alexander and Yun, Zhiwei},
    publisher={American Mathematical Society},
    series={IAS/PCMI Mathematics Series},
    volume={24},
    location={Providence}
}

@article{qmapsp,
    author={Liu, Henry},
    title={Quasimaps and stable pairs},
    journaltitle={Forum Math. Sigma},
    volume={9},
    year={2021},
    pages={e32}
}

@book{qgqc,
    author={Maulik, Davesh and Okounkov, Andrei},
    title={Quantum groups and quantum cohomology},
    year={2019},
    series={Ast{\'e}risque},
    publisher={Soci{\'e}t{\'e} Math{\'e}matique de France},
    location={Paris}
}

@article{etvar,
    author={Etingov, Pavel and Varchenko, Alexander},
    title={Dynamical Weyl groups and applications},
    journaltitle={Adv. Math.},
    volume={167},
    number={1},
    year={2002},
    pages={74--127}
}

@article{qdenak,
    author={Okounkov, Andrei and Smirnov, Andrey},
    title={Quantum difference equations for Nakajima varieties},
    journaltitle={Invent. Math.},
    volume={229},
    year={2022},
    pages={1203--1299}
}

@article{qmap,
    author={Ciocan-Fontaine, Ionu{\c{t}} and Kim, Bumsig and Maulik, Davesh},
    title={Stable quasimaps to GIT quotients},
    journaltitle={J. Geom. Phys.},
    volume={75},
    year={2014},
    pages={17--47}
}

@article{ppgwptdesc,
    author={Pandharipande, Rahul and Pixton, Aaron},
    title={Gromov-Witten/pairs descendent correspondence for toric 3-folds},
    journaltitle={Geom. Topol.},
    volume={18},
    year={2014},
    pages={2747--2821}
}

@misc{virasoropt,
  doi = {10.48550/ARXIV.2008.12514},
  author = {Moreira, Miguel and Oblomkov, Alexei and Okounkov, Andrei and Pandharipande, Rahul},
  title = {Virasoro constraints for stable pairs on toric 3-folds},
  publisher = {arXiv},
  year = {2020},
}

@article{ppquintic,
    author={Pandharipande, Rahul and Pixton, Aaron},
    title={Gromov-Witten/pairs correspondence for the quintic 3-fold},
    journaltitle={J. Amer. Math. Soc.},
    volume={30},
    year={2017},
    pages={389--449}
}

@article{cobpt,
    author={Shen, Junliang},
    title={Cobordism invariants of the moduli space of stable pairs},
    journaltitle={J. London Math. Soc.},
    volume={94},
    year={2016},
    pages={427--446}
}

@article{indconststab,
    author={Okounkov, Andrei},
    title={Inductive construction of stable envelopes},
    journaltitle={Lett. Math. Phys.},
    volume={111},
    number={141},
    year={2021},
}

@misc{nonabstab,
  doi = {10.48550/ARXIV.2010.13217},
  author = {Okounkov, Andrei},
  title = {Nonabelian stable envelopes, vertex functions with descendents, and integral solutions of $q$-difference equations},
  publisher = {arXiv},
  year = {2020},
}

@article{qmapbethe,
    author={Aganagic, Mina and Okounkov, Andrei},
    title={Quasimap counts and Bethe eigenfunctions},
    journaltitle={Mosc. Math. J.},
    volume={17},
    number={4},
    year={2017},
    pages={565--600}
}

@misc{ratcapdescvertex,
  doi = {10.48550/ARXIV.1612.01048},
  author = {Smirnov, Andrey},
  title = {Rationality of capped descendent vertex in $K$-theory},
  publisher = {arXiv},
  year = {2016},
}

@article{ellstab,
    author={Aganagic, Mina and Okounkov, Andrei},
    title={Elliptic stable envelopes},
    journaltitle={J. Amer. Math. Soc.},
    volume={34},
    year={2021},
    pages={79--133}
}

@article{wittenconj,
    author={Kontsevich, Maxim},
    title={Intersection theory on the moduli spaces of curves and the matrix Airy function},
    journaltitle={Commun. Math. Phys.},
    volume={147},
    number={1},
    year={1992},
    pages={1--23}
}

@article{darbouxhamiltonian,
    author={Getzler, Ezra},
    title={A Darboux theorem for Hamiltonian operators in the formal calculus of variations},
    journaltitle={Duke Math. J.},
    volume={113},
    number={3},
    year={2002},
    pages={535--560}
}

@misc{dubzhang,
  doi = {10.48550/ARXIV.MATH/0108160},
  author = {Dubrovin, Boris and Zhang, Youjin},
  title = {Normal forms of hierarchies of integrable PDEs, Frobenius manifolds and Gromov - Witten invariants},
  publisher = {arXiv},
  year = {2001},
}

@article{toprecursion,
    author={Eynard, Bertrand and Orantin, Nicolas},
    title={Invariants of algebraic curves and topological expansion},
    journaltitle={Commun. Number Theory Phys.},
    volume={1},
    number={2},
    year={2007},
    pages={347--452}
}

@incollection{airytoprec,
    author={Kontsevich, Maxim and Soibelman, Yan},
    title={Airy structures and symplectic geometry of topological recursion},
    booktitle={Topological recursion and its influence in analysis, geometry, and topology},
    year={2018},
    pages={433--490},
    editor={Liu, Chiu-Chu Melissa and Mulase, Motohico},
    publisher={American Mathematical Society},
    series={Proceedings of symposia in pure mathematics},
    volume={100},
    location={Providence}
}

@article{dubnov,
    author={Dubrovin, Boris and Novikov, Sergei},
    title={The Hamiltonian formalism of one-dimensional systems of hydrodynamic type and the Bogolyubov-Whitlam averaging method},
    journaltitle={Dokl. Akad. Nauk SSSR},
    volume={240},
    number={4},
    year={1983},
    pages={781--785}
}

@article{virasorofanotoric,
    author={Givental, Alexander},
    title={Gromov-Witten invariants and quantizations of quadratic Hamiltonians},
    journaltitle={Mosc. Math. J.},
    volume={1},
    number={4},
    year={2001},
    pages={551--568}
}

@article{virasorotoric,
    author={Iritani, Hiroshi},
    title={Convergence of quantum cohomology by quantum Lefschetz},
    journaltitle={J. reine angew. Math.},
    volume={610},
    year={2007},
    pages={29--69}
}

@article{virasoroflag,
    author={Joe, Dosang and Kim, Bumsig},
    title={Equivariant mirrors and the Virasoro conjecture for flag manifolds},
    journaltitle={Int. Math. Res. Not.},
    volume={2003},
    number={15},
    year={2020},
    pages={859--882}
}

@article{virasorograss,
    title={Two proofs of a conjecture of Hori and Vafa},
    author={Bertram, Aaron and Ciocan-Fontaine, Ionu{\c{t}} and Kim, Bumsig},
    journaltitle={Duke Math. J.},
    volume={126},
    number={1},
    year={2005},
    pages={101--136}
}

@article{2dsscohft,
    author={Teleman, Constantin},
    title={The structure of 2D semi-simple field theories},
    journaltitle={Invent. Math.},
    volume={188},
    year={2012},
    pages={525--588}
}

@article{virasorocurve,
    author={Okounkov, Andrei and Pandharipande, Rahul},
    title={Virasoro constraints for target curves},
    journaltitle={Invent. Math.},
    volume={163},
    year={2006},
    pages={47--108}
}

@article{virasoroconj,
    author={Eguchi, Tohru and Hori, Kentaro and Xiong, Chuan-Sheng},
    title={Quantum cohomology and Virasoro algebra},
    journaltitle={Phys. Lett. B},
    volume={402},
    number={1},
    year={1997},
    pages={71--80}
}

@misc{virasorotoricbundle,
  doi = {10.48550/ARXIV.1508.06282},
  author = {Coates, Tom and Givental, Alexander and Tseng, Hsian-Hua},
  title = {Virasoro Constraints for Toric Bundles},
  publisher = {arXiv},
  year = {2015},
}

@incollection{virasorogw,
    AUTHOR = {Getzler, Ezra},
     TITLE = {The {V}irasoro conjecture for {G}romov-{W}itten invariants},
 BOOKTITLE = {Algebraic geometry: {H}irzebruch 70 ({W}arsaw, 1998)},
    SERIES = {Contemp. Math.},
    VOLUME = {241},
     PAGES = {147--176},
 PUBLISHER = {Amer. Math. Soc.},
    location={Providence},
      YEAR = {1999},
}

@misc{abcdtoprec,
  doi = {10.48550/ARXIV.1703.03307},
  author = {Andersen, Jorgen Ellegaard and Borot, Gaëtan and Chekhov, Leonid O. and Orantin, Nicolas},
  title = {The ABCD of topological recursion},
  publisher = {arXiv},
  year = {2017},
}

@article {recdrhierarchy,
    AUTHOR = {Buryak, Alexandr and Rossi, Paolo},
     TITLE = {Recursion relations for double ramification hierarchies},
   JOURNAL = {Comm. Math. Phys.},
    VOLUME = {342},
      YEAR = {2016},
    NUMBER = {2},
     PAGES = {533--568},
}

@article {rossisurvey,
    AUTHOR = {Rossi, Paolo},
     TITLE = {Integrability, quantization and moduli spaces of curves},
   JOURNAL = {SIGMA Symmetry Integrability Geom. Methods Appl.},
    VOLUME = {13},
      YEAR = {2017},
     PAGES = {Paper No. 060, 29},
}

@article {drcycles,
    AUTHOR = {Janda, F. and Pandharipande, R. and Pixton, A. and Zvonkine,
              D.},
     TITLE = {Double ramification cycles on the moduli spaces of curves},
   JOURNAL = {Publ. Math. Inst. Hautes \'{E}tudes Sci.},
    VOLUME = {125},
      YEAR = {2017},
     PAGES = {221--266},
}

@article {taudrhierarchy,
    AUTHOR = {Buryak, Alexandr and Dubrovin, Boris and Gu\'{e}r\'{e}, J\'{e}r\'{e}my and
              Rossi, Paolo},
     TITLE = {Tau-structure for the double ramification hierarchies},
   JOURNAL = {Comm. Math. Phys.},
    VOLUME = {363},
      YEAR = {2018},
    NUMBER = {1},
     PAGES = {191--260},
}

@misc{northetaclass,
  doi = {10.48550/ARXIV.1712.03662},
  author = {Norbury, Paul},
  title = {A new cohomology class on the moduli space of curves},
  publisher = {arXiv},
  year = {2017},
}

@misc{negrspin,
  doi = {10.48550/ARXIV.2205.15621},
  author = {Chidambaram, Nitin Kumar and Garcia-Failde, Elba and Giacchetto, Alessandro},
  title = {Relations on $\overline{\mathcal{M}}_{g,n}$ and the negative $r$-spin Witten conjecture},
  publisher = {arXiv},
  year = {2022},
}

@article{openintnumber,
    author={Alexandrov, Alexander},
    title={Open intersection numbers, Kontsevich-Penner model and cut-and-join operators},
    journaltitle={J. High Energ. Phys.},
    volume={28},
    year={2015},
}

@misc{airywliealg,
  doi = {10.48550/ARXIV.1812.08738},
  author = {Borot, Gaëtan and Bouchard, Vincent and Chidambaram, Nitin K. and Creutzig, Thomas and Noshchenko, Dmitry},
  title = {Higher Airy structures, W algebras and topological recursion},
  publisher = {arXiv},
  year = {2018},
}

@misc{airysp2n,
  doi = {10.48550/ARXIV.2207.04336},
  author = {Bouchard, Vincent and Creutzig, Thomas and Joshi, Aniket},
  title = {Airy ideals, transvections and $\mathcal{W}(\mathfrak{sp}_{2N})$-algebras},
  publisher = {arXiv},
  year = {2022},
}

@misc{whittakervectoprec,
  doi = {10.48550/ARXIV.2104.04516},
  author = {Borot, Gaëtan and Bouchard, Vincent and Chidambaram, Nitin Kumar and Creutzig, Thomas},
  title = {Whittaker vectors for $\mathcal{W}$-algebras from topological recursion},
  publisher = {arXiv},
  year = {2021},
}

@article{nckdvpixton, 
    title={A generalisation of Witten’s conjecture for the Pixton class and the noncommutative KdV hierarchy}, 
    journal={J. Inst. Math. Jussieu}, 
    author={Buryak, Alexandr and Rossi, Paolo}, 
    year={2022}, 
    pages={1–23}
}

@article {drnckdv,
    AUTHOR = {Buryak, Alexandr and Rossi, Paolo},
     TITLE = {Quadratic double ramification integrals and the noncommutative {K}d{V} hierarchy},
   JOURNAL = {Bull. Lond. Math. Soc.},
    VOLUME = {53},
      YEAR = {2021},
    NUMBER = {3},
     PAGES = {843--854},
}

