%% LaTeX2e file `biblio.bib'
%% generated by the `filecontents' environment
%% from source `airy' on 2022/09/13.
%%
@misc{virasoropt,
  doi = {10.48550/ARXIV.2008.12514},
  author = {Moreira, Miguel and Oblomkov, Alexei and Okounkov, Andrei and Pandharipande, Rahul},
  title = {Virasoro constraints for stable pairs on toric 3-folds},
  publisher = {arXiv},
  year = {2020},
}

@misc{northetaclass,
  doi = {10.48550/ARXIV.1712.03662},
  author = {Norbury, Paul},
  title = {A new cohomology class on the moduli space of curves},
  publisher = {arXiv},
  year = {2017},
}

@misc{negrspin,
  doi = {10.48550/ARXIV.2205.15621},
  author = {Chidambaram, Nitin Kumar and Garcia-Failde, Elba and Giacchetto, Alessandro},
  title = {Relations on $\overline{\mathcal{M}}_{g,n}$ and the negative $r$-spin Witten conjecture},
  publisher = {arXiv},
  year = {2022},
}

@article{openintnumber,
    author={Alexandrov, Alexander},
    title={Open intersection numbers, Kontsevich-Penner model and cut-and-join operators},
    journaltitle={J. High Energ. Phys.},
    volume={28},
    year={2015},
}

@misc{airywliealg,
  doi = {10.48550/ARXIV.1812.08738},
  author = {Borot, Gaëtan and Bouchard, Vincent and Chidambaram, Nitin K. and Creutzig, Thomas and Noshchenko, Dmitry},
  title = {Higher Airy structures, W algebras and topological recursion},
  publisher = {arXiv},
  year = {2018},
}

@misc{airysp2n,
  doi = {10.48550/ARXIV.2207.04336},
  author = {Bouchard, Vincent and Creutzig, Thomas and Joshi, Aniket},
  title = {Airy ideals, transvections and $\mathcal{W}(\mathfrak{sp}_{2N})$-algebras},
  publisher = {arXiv},
  year = {2022},
}

@misc{whittakervectoprec,
  doi = {10.48550/ARXIV.2104.04516},
  author = {Borot, Gaëtan and Bouchard, Vincent and Chidambaram, Nitin Kumar and Creutzig, Thomas},
  title = {Whittaker vectors for $\mathcal{W}$-algebras from topological recursion},
  publisher = {arXiv},
  year = {2021},
}

@article{virasorofanotoric,
    author={Givental, Alexander},
    title={Gromov-Witten invariants and quantizations of quadratic Hamiltonians},
    journaltitle={Mosc. Math. J.},
    volume={1},
    number={4},
    year={2001},
    pages={551--568}
}

@article{virasorotoric,
    author={Iritani, Hiroshi},
    title={Convergence of quantum cohomology by quantum Lefschetz},
    journaltitle={J. reine angew. Math.},
    volume={610},
    year={2007},
    pages={29--69}
}

@article{virasoroflag,
    author={Joe, Dosang and Kim, Bumsig},
    title={Equivariant mirrors and the Virasoro conjecture for flag manifolds},
    journaltitle={Int. Math. Res. Not.},
    volume={2003},
    number={15},
    year={2020},
    pages={859--882}
}

@article{virasorograss,
    author={Two proofs of a conjecture of Hori and Vafa},
    title={Bertram, Aaron and Ciocan-Fontaine, Ionu{\c{t}} and Kim, Bumsig},
    journaltitle={Duke Math. J.},
    volume={126},
    number={1},
    year={2005},
    pages={101--136}
}

@article{2dsscohft,
    author={Teleman, Constantin},
    title={The structure of 2D semi-simple field theories},
    journaltitle={Invent. Math.},
    volume={188},
    year={2012},
    pages={525--588}
}

@article{virasorocurve,
    author={Okounkov, Andrei and Pandharipande, Rahul},
    title={Virasoro constraints for target curves},
    journaltitle={Invent. Math.},
    volume={163},
    year={2006},
    pages={47--108}
}

@article{virasoroconj,
    author={Eguchi, Tohru and Hori, Kentaro and Xiong, Chuan-Sheng},
    title={Quantum cohomology and Virasoro algebra},
    journaltitle={Phys. Lett. B},
    volume={402},
    number={1},
    year={1997},
    pages={71--80}
}

@misc{virasorotoricbundle,
  doi = {10.48550/ARXIV.1508.06282},
  author = {Coates, Tom and Givental, Alexander and Tseng, Hsian-Hua},
  title = {Virasoro Constraints for Toric Bundles},
  publisher = {arXiv},
  year = {2015},
}

@incollection{virasorogw,
    AUTHOR = {Getzler, Ezra},
     TITLE = {The {V}irasoro conjecture for {G}romov-{W}itten invariants},
 BOOKTITLE = {Algebraic geometry: {H}irzebruch 70 ({W}arsaw, 1998)},
    SERIES = {Contemp. Math.},
    VOLUME = {241},
     PAGES = {147--176},
 PUBLISHER = {Amer. Math. Soc.},
    location={Providence},
      YEAR = {1999},
}

@misc{abcdtoprec,
  doi = {10.48550/ARXIV.1703.03307},
  author = {Andersen, Jorgen Ellegaard and Borot, Gaëtan and Chekhov, Leonid O. and Orantin, Nicolas},
  title = {The ABCD of topological recursion},
  publisher = {arXiv},
  year = {2017},
}

@article{toprecursion,
    author={Eynard, Bertrand and Orantin, Nicolas},
    title={Invariants of algebraic curves and topological expansion},
    journaltitle={Commun. Number Theory Phys.},
    volume={1},
    number={2},
    year={2007},
    pages={347--452}
}

@incollection{airytoprec,
    author={Kontsevich, Maxim and Soibelman, Yan},
    title={Airy structures and symplectic geometry of topological recursion},
    booktitle={Topological recursion and its influence in analysis, geometry, and topology},
    year={2018},
    pages={433--490},
    editor={Liu, Chiu-Chu Melissa and Mulase, Motohico},
    publisher={American Mathematical Society},
    series={Proceedings of symposia in pure mathematics},
    volume={100},
    location={Providence}
}

@article{wittenconj,
    author={Kontsevich, Maxim},
    title={Intersection theory on the moduli spaces of curves and the matrix Airy function},
    journaltitle={Commun. Math. Phys.},
    volume={147},
    number={1},
    year={1992},
    pages={1--23}
}
