@article {eqgwinv,
    AUTHOR = {Givental, Alexander B.},
     TITLE = {Equivariant {G}romov-{W}itten invariants},
   JOURNAL = {Internat. Math. Res. Notices},
  FJOURNAL = {International Mathematics Research Notices},
      YEAR = {1996},
    NUMBER = {13},
     PAGES = {613--663},
      ISSN = {1073-7928,1687-0247},
   MRCLASS = {14D07 (14D05 14J32 14N10 32G20)},
  MRNUMBER = {1408320},
MRREVIEWER = {Claire\ Voisin},
       DOI = {10.1155/S1073792896000414},
}


@article {lly,
    AUTHOR = {Lian, Bong H. and Liu, Kefeng and Yau, Shing-Tung},
     TITLE = {Mirror principle. {I}},
   JOURNAL = {Asian J. Math.},
  FJOURNAL = {Asian Journal of Mathematics},
    VOLUME = {1},
      YEAR = {1997},
    NUMBER = {4},
     PAGES = {729--763},
      ISSN = {1093-6106,1945-0036},
   MRCLASS = {14N10 (14D20 14J32)},
  MRNUMBER = {1621573},
MRREVIEWER = {Andreas\ Gathmann},
       DOI = {10.4310/AJM.1997.v1.n4.a5},
}

@article {orbqcohwproj,
    AUTHOR = {Coates, Tom and Corti, Alessio and Lee, Yuan-Pin and Tseng,
              Hsian-Hua},
     TITLE = {The quantum orbifold cohomology of weighted projective spaces},
   JOURNAL = {Acta Math.},
  FJOURNAL = {Acta Mathematica},
    VOLUME = {202},
      YEAR = {2009},
    NUMBER = {2},
     PAGES = {139--193},
      ISSN = {0001-5962,1871-2509},
   MRCLASS = {53D45 (14N35)},
  MRNUMBER = {2506749},
MRREVIEWER = {Kwokwai\ Chan},
       DOI = {10.1007/s11511-009-0035-x},
}
@misc{mirrornonconvex,
      title={A mirror theorem for Gromov-Witten theory without convexity}, 
      author={Jun Wang},
      year={2020},
      eprint={1910.14440},
      archivePrefix={arXiv},
}
@article {qrr,
    AUTHOR = {Coates, Tom and Givental, Alexander},
     TITLE = {Quantum {R}iemann-{R}och, {L}efschetz and {S}erre},
   JOURNAL = {Ann. of Math. (2)},
  FJOURNAL = {Annals of Mathematics. Second Series},
    VOLUME = {165},
      YEAR = {2007},
    NUMBER = {1},
     PAGES = {15--53},
      ISSN = {0003-486X,1939-8980},
   MRCLASS = {14N35 (14C40)},
  MRNUMBER = {2276766},
MRREVIEWER = {Hsian-Hua\ Tseng},
       DOI = {10.4007/annals.2007.165.15},
}
@article {reducedgenus1,
    AUTHOR = {Zinger, Aleksey},
     TITLE = {The reduced genus 1 {G}romov-{W}itten invariants of
              {C}alabi-{Y}au hypersurfaces},
   JOURNAL = {J. Amer. Math. Soc.},
  FJOURNAL = {Journal of the American Mathematical Society},
    VOLUME = {22},
      YEAR = {2009},
    NUMBER = {3},
     PAGES = {691--737},
      ISSN = {0894-0347,1088-6834},
   MRCLASS = {14N35 (14J32 14J33 33C90 53D45)},
  MRNUMBER = {2505298},
MRREVIEWER = {Hsian-Hua\ Tseng},
       DOI = {10.1090/S0894-0347-08-00625-5},
}
@article {popagenus1ci,
    AUTHOR = {Popa, Alexandra},
     TITLE = {The genus one {G}romov-{W}itten invariants of {C}alabi-{Y}au
              complete intersections},
   JOURNAL = {Trans. Amer. Math. Soc.},
  FJOURNAL = {Transactions of the American Mathematical Society},
    VOLUME = {365},
      YEAR = {2013},
    NUMBER = {3},
     PAGES = {1149--1181},
      ISSN = {0002-9947,1088-6850},
   MRCLASS = {14N35 (53D45)},
  MRNUMBER = {3003261},
MRREVIEWER = {Jian\ Xun\ Hu},
       DOI = {10.1090/S0002-9947-2012-05550-4},
}

@article {desingularizationgenusone,
    AUTHOR = {Vakil, Ravi and Zinger, Aleksey},
     TITLE = {A desingularization of the main component of the moduli space
              of genus-one stable maps into {$\Bbb P^n$}},
   JOURNAL = {Geom. Topol.},
  FJOURNAL = {Geometry \& Topology},
    VOLUME = {12},
      YEAR = {2008},
    NUMBER = {1},
     PAGES = {1--95},
      ISSN = {1465-3060,1364-0380},
   MRCLASS = {14D20 (14N35)},
  MRNUMBER = {2377245},
MRREVIEWER = {Charles\ D.\ Cadman},
       DOI = {10.2140/gt.2008.12.1},
}

@article {g1cilizinger,
    AUTHOR = {Li, Jun and Zinger, Aleksey},
     TITLE = {On the genus-one {G}romov-{W}itten invariants of complete
              intersections},
   JOURNAL = {J. Differential Geom.},
  FJOURNAL = {Journal of Differential Geometry},
    VOLUME = {82},
      YEAR = {2009},
    NUMBER = {3},
     PAGES = {641--690},
      ISSN = {0022-040X,1945-743X},
   MRCLASS = {14N35 (53D45)},
  MRNUMBER = {2534991},
}

@article {virtloc,
    AUTHOR = {Graber, T. and Pandharipande, R.},
     TITLE = {Localization of virtual classes},
   JOURNAL = {Invent. Math.},
  FJOURNAL = {Inventiones Mathematicae},
    VOLUME = {135},
      YEAR = {1999},
    NUMBER = {2},
     PAGES = {487--518},
      ISSN = {0020-9910,1432-1297},
   MRCLASS = {14C17 (14D20 14N10 14N35)},
  MRNUMBER = {1666787},
MRREVIEWER = {Paolo\ Aluffi},
       DOI = {10.1007/s002220050293},
}

@incollection {mirrorandglsm,
    AUTHOR = {Witten, Edward},
     TITLE = {Mirror manifolds and topological field theory},
 BOOKTITLE = {Essays on mirror manifolds},
     PAGES = {120--158},
 PUBLISHER = {Int. Press, Hong Kong},
      YEAR = {1992},
      ISBN = {962-7670-01-4},
   MRCLASS = {81T40 (14J30 32G81 32J27 32J81 81T70)},
  MRNUMBER = {1191422},
MRREVIEWER = {Bruce\ Hunt},
}

@article {glsm,
    AUTHOR = {Fan, Huijun and Jarvis, Tyler J. and Ruan, Yongbin},
     TITLE = {A mathematical theory of the gauged linear sigma model},
   JOURNAL = {Geom. Topol.},
  FJOURNAL = {Geometry \& Topology},
    VOLUME = {22},
      YEAR = {2018},
    NUMBER = {1},
     PAGES = {235--303},
      ISSN = {1465-3060,1364-0380},
   MRCLASS = {14N35 (14D23 14J32 14L24 53D45 81T40 81T60)},
  MRNUMBER = {3720344},
MRREVIEWER = {Hsian-Hua\ Tseng},
       DOI = {10.2140/gt.2018.22.235},
}

@article {pfieldschangli,
    AUTHOR = {Chang, Huai-Liang and Li, Jun},
     TITLE = {Gromov-{W}itten invariants of stable maps with fields},
   JOURNAL = {Int. Math. Res. Not. IMRN},
  FJOURNAL = {International Mathematics Research Notices. IMRN},
      YEAR = {2012},
    NUMBER = {18},
     PAGES = {4163--4217},
      ISSN = {1073-7928,1687-0247},
   MRCLASS = {14N35 (53D45)},
  MRNUMBER = {2975379},
MRREVIEWER = {Artan\ Sheshmani},
       DOI = {10.1093/imrn/rnr186},
}

@misc{faverokim,
      title={General GLSM Invariants and Their Cohomological Field Theories}, 
      author={David Favero and Bumsig Kim},
      year={2021},
      eprint={2006.12182},
      archivePrefix={arXiv},
}
@article {logglsm,
    AUTHOR = {Chen, Qile and Janda, Felix and Ruan, Yongbin},
     TITLE = {The logarithmic gauged linear sigma model},
   JOURNAL = {Invent. Math.},
  FJOURNAL = {Inventiones Mathematicae},
    VOLUME = {225},
      YEAR = {2021},
    NUMBER = {3},
     PAGES = {1077--1154},
      ISSN = {0020-9910,1432-1297},
   MRCLASS = {14N35 (14D23)},
  MRNUMBER = {4296354},
MRREVIEWER = {Amin\ Gholampour},
       DOI = {10.1007/s00222-021-01044-2},
}
@misc{genus2logglsm,
      title={A mirror theorem for genus two Gromov-Witten invariants of quintic threefolds}, 
      author={Shuai Guo and Felix Janda and Yongbin Ruan},
      year={2017},
      eprint={1709.07392},
      archivePrefix={arXiv},
}

@misc{bcovlogglsm,
      title={Structure of Higher Genus Gromov-Witten Invariants of Quintic 3-folds}, 
      author={Shuai Guo and Felix Janda and Yongbin Ruan},
      year={2018},
      eprint={1812.11908},
      archivePrefix={arXiv},
}

@article {gitflips,
    AUTHOR = {Thaddeus, Michael},
     TITLE = {Geometric invariant theory and flips},
   JOURNAL = {J. Amer. Math. Soc.},
  FJOURNAL = {Journal of the American Mathematical Society},
    VOLUME = {9},
      YEAR = {1996},
    NUMBER = {3},
     PAGES = {691--723},
      ISSN = {0894-0347,1088-6834},
   MRCLASS = {14D25 (14L30)},
  MRNUMBER = {1333296},
MRREVIEWER = {I.\ Dolgachev},
       DOI = {10.1090/S0894-0347-96-00204-4},
}

@article{mspfermat,
    author = {Huai-Liang Chang and Jun Li and Wei-Ping Li and Melissa Chiu-Chu Liu},
    title = {Mixed-$\textrm{Spin-P}$ fields of Fermat polynomials},
    journal = {Cambridge Journal of Mathematics},
    volume = {7},
    number = {3},
    year = {2019},
    pages = {319--364},
    doi = {10.4310/CJM.2019.v7.n3.a3},
    issn = {2168-0930},
    publisher = {International Press of Boston}
}

@article {msp2,
    AUTHOR = {Chang, Huai-Liang and Li, Jun and Li, Wei-Ping and Liu,
              Chiu-Chu Melissa},
     TITLE = {An effective theory of {GW} and {FJRW} invariants of quintic
              {C}alabi-{Y}au manifolds},
   JOURNAL = {J. Differential Geom.},
  FJOURNAL = {Journal of Differential Geometry},
    VOLUME = {120},
      YEAR = {2022},
    NUMBER = {2},
     PAGES = {251--306},
      ISSN = {0022-040X,1945-743X},
   MRCLASS = {14N35 (53D45)},
  MRNUMBER = {4385118},
MRREVIEWER = {Luca\ Battistella},
       DOI = {10.4310/jdg/1645207466},
}

@article{nmsp,
    AUTHOR = {Chang, Huai-Liang and Guo, Shuai and Li, Jun and Li, Wei-Ping},
    TITLE = {The theory of {$N$}-mixed-spin-{$P$} fields},
    JOURNAL = {Geom. Topol.},
    FJOURNAL = {Geometry \& Topology},
    VOLUME = {25},
    YEAR = {2021},
    NUMBER = {2},
    PAGES = {775--811},
    ISSN = {1465-3060,1364-0380},
    MRCLASS = {14D23 (14J33 14N35)},
    MRNUMBER = {4251436},
    MRREVIEWER = {Qile\ Chen},
    DOI = {10.2140/gt.2021.25.775},
}

@article {nmsp2,
    AUTHOR = {Chang, Huai-Liang and Guo, Shuai and Li, Jun},
     TITLE = {Polynomial structure of {G}romov-{W}itten potential of quintic
              {$3$}-folds},
   JOURNAL = {Ann. of Math. (2)},
  FJOURNAL = {Annals of Mathematics. Second Series},
    VOLUME = {194},
      YEAR = {2021},
    NUMBER = {3},
     PAGES = {585--645},
      ISSN = {0003-486X,1939-8980},
   MRCLASS = {14N35 (14D21 14J33)},
  MRNUMBER = {4334973},
MRREVIEWER = {William\ Liu},
       DOI = {10.4007/annals.2021.194.3.1},
}

@misc{nmsp3,
      title={BCOV's Feynman rule of quintic $3$-folds}, 
      author={Huai-Liang Chang and Shuai Guo and Jun Li},
      year={2019},
      eprint={1810.00394},
      archivePrefix={arXiv},
}

@misc{polynomiality,
      title={Higher-genus Gromov-Witten theory of one-parameter Calabi-Yau threefolds I: Polynomiality}, 
      author={Patrick Lei},
      year={2024},
      eprint={2409.11659},
      archivePrefix={arXiv},
}
@misc {bcovme,
    title={Higher genus Gromov-Witten theory of one-parameter Calabi-Yau threefolds II: Feynman rule and anomaly equations}, 
      author={Patrick Lei},
      year={2024},
      eprint={2412.06527},
      archivePrefix={arXiv},
}
@misc{castelnuovoquintic,
      title={Castelnuovo bound and higher genus Gromov-Witten invariants of quintic 3-folds}, 
      author={Zhiyu Liu and Yongbin Ruan},
      year={2022},
      eprint={2210.13411},
      archivePrefix={arXiv},
}

@misc{castelnuovogeneral,
      title={Castelnuovo bound for curves in projective 3-folds}, 
      author={Zhiyu Liu},
      year={2024},
      eprint={2407.20161},
      archivePrefix={arXiv},
}

@article {bmt,
    AUTHOR = {Bayer, Arend and Macr\`i, Emanuele and Toda, Yukinobu},
     TITLE = {Bridgeland stability conditions on threefolds {I}:
              {B}ogomolov-{G}ieseker type inequalities},
   JOURNAL = {J. Algebraic Geom.},
  FJOURNAL = {Journal of Algebraic Geometry},
    VOLUME = {23},
      YEAR = {2014},
    NUMBER = {1},
     PAGES = {117--163},
      ISSN = {1056-3911,1534-7486},
   MRCLASS = {14F05 (14J30)},
  MRNUMBER = {3121850},
MRREVIEWER = {Adrian\ Langer},
       DOI = {10.1090/S1056-3911-2013-00617-7},
}
@article{mnop1,
    author = {Maulik, Davesh and Nekrasov, Nikita and Okounkov, Andrei and
              Pandharipande, Rahul},
    title = {Gromov-Witten theory and Donaldson-Thomas theory, I},
    journaltitle = {Compos. Math.},
    volume = {142},
    number = {5},
    year = {2006},
    pages = {1263--1285},
}

@article{mnop2,
    author = {Maulik, Davesh and Nekrasov, Nikita and Okounkov, Andrei and
              Pandharipande, Rahul},
    title = {Gromov-Witten theory and Donaldson-Thomas theory, II},
    journaltitle = {Compos. Math.},
    volume = {142},
    number = {5},
    year = {2006},
    pages = {1286--1304},
}

@misc{universalcount,
      title={Universally counting curves in Calabi--Yau threefolds}, 
      author={John Pardon},
      year={2024},
      eprint={2308.02948},
      archivePrefix={arXiv},
}
@article{ppquintic,
    author = {Pandharipande, Rahul and Pixton, Aaron},
    title = {Gromov-Witten/pairs correspondence for the quintic 3-fold},
    journaltitle = {J. Amer. Math. Soc.},
    volume = {30},
    year = {2017},
    pages = {389--449},
}

@unpublished {structurelog3,
    title = {Structural formulae in logarithmic Gauged Linear Sigma Models III: The localization formula},
    author = {Qile Chen and Felix Janda and Yongbin Ruan},
    note = {In preparation},
}
@unpublished {structurelog1,
    title = {Structural formulae in logarithmic Gauged Linear Sigma Models I: The tropical decomposition formula},
    author = {Qile Chen and Felix Janda and Yongbin Ruan},
    note = {In preparation},
}
@misc{puncturedlogr,
      title={Punctured logarithmic R-maps}, 
      author={Qile Chen and Felix Janda and Yongbin Ruan},
      year={2023},
      eprint={2208.04519},
      archivePrefix={arXiv},
}
@incollection {virasorofanotoric,
    AUTHOR = {Givental, Alexander B.},
     TITLE = {Gromov-{W}itten invariants and quantization of quadratic
              {H}amiltonians},
      NOTE = {Dedicated to the memory of I. G.\ Petrovskii on the occasion
              of his 100th anniversary},
   JOURNAL = {Mosc. Math. J.},
  FJOURNAL = {Moscow Mathematical Journal},
    VOLUME = {1},
      YEAR = {2001},
    NUMBER = {4},
     PAGES = {551--568, 645},
      ISSN = {1609-3321,1609-4514},
   MRCLASS = {53D45 (14N35)},
  MRNUMBER = {1901075},
MRREVIEWER = {Domenico\ Fiorenza},
       DOI = {10.17323/1609-4514-2001-1-4-551-568},
}
@incollection {symplfrob,
    AUTHOR = {Givental, Alexander B.},
     TITLE = {Symplectic geometry of {F}robenius structures},
 BOOKTITLE = {Frobenius manifolds},
    SERIES = {Aspects Math.},
    VOLUME = {E36},
     PAGES = {91--112},
 PUBLISHER = {Friedr. Vieweg, Wiesbaden},
      YEAR = {2004},
      ISBN = {3-528-03206-5},
   MRCLASS = {53D45 (14N35)},
  MRNUMBER = {2115767},
MRREVIEWER = {Ian\ A. B. Strachan},
}
@article {ssfrobhg,
    AUTHOR = {Givental, Alexander B.},
     TITLE = {Semisimple {F}robenius structures at higher genus},
   JOURNAL = {Internat. Math. Res. Notices},
  FJOURNAL = {International Mathematics Research Notices},
      YEAR = {2001},
    NUMBER = {23},
     PAGES = {1265--1286},
      ISSN = {1073-7928,1687-0247},
   MRCLASS = {53D45 (14N35)},
  MRNUMBER = {1866444},
MRREVIEWER = {Gilberto\ Bini},
       DOI = {10.1155/S1073792801000605},
}
@misc{mathbcov1,
      title={Quantum BCOV theory on Calabi-Yau manifolds and the higher genus B-model}, 
      author={Kevin J. Costello and Si Li},
      year={2012},
      eprint={1201.4501},
      archivePrefix={arXiv},
      primaryClass={math.QA},
}

@misc{mathbcov2,
      title={BCOV theory on the elliptic curve and higher genus mirror symmetry}, 
      author={Si Li},
      year={2011},
      eprint={1112.4063},
      archivePrefix={arXiv},
      primaryClass={math.QA},
}

@misc{cei,
      title={Effective Categorical Enumerative Invariants}, 
      author={Andrei Caldararu and Junwu Tu},
      year={2024},
      eprint={2404.01499},
      archivePrefix={arXiv},
      primaryClass={math.AG},
      url={https://arxiv.org/abs/2404.01499}, 
}

@article {calabiconj,
    AUTHOR = {Yau, Shing Tung},
     TITLE = {On the {R}icci curvature of a compact {K}\"ahler manifold and
              the complex {M}onge-{A}mp\`ere equation. {I}},
   JOURNAL = {Comm. Pure Appl. Math.},
  FJOURNAL = {Communications on Pure and Applied Mathematics},
    VOLUME = {31},
      YEAR = {1978},
    NUMBER = {3},
     PAGES = {339--411},
      ISSN = {0010-3640,1097-0312},
   MRCLASS = {53C55 (32C10 35J60)},
  MRNUMBER = {480350},
MRREVIEWER = {Robert\ E.\ Greene},
       DOI = {10.1002/cpa.3160310304},
}

@article {todorovdef,
    AUTHOR = {Todorov, Andrey N.},
     TITLE = {The {W}eil-{P}etersson geometry of the moduli space of {${\rm
              SU}(n\geq 3)$} ({C}alabi-{Y}au) manifolds. {I}},
   JOURNAL = {Comm. Math. Phys.},
  FJOURNAL = {Communications in Mathematical Physics},
    VOLUME = {126},
      YEAR = {1989},
    NUMBER = {2},
     PAGES = {325--346},
      ISSN = {0010-3616,1432-0916},
   MRCLASS = {32G05 (32C17)},
  MRNUMBER = {1027500},
MRREVIEWER = {Takao\ Akahori},
}

@incollection {tiandef,
    AUTHOR = {Tian, Gang},
     TITLE = {Smoothness of the universal deformation space of compact
              {C}alabi-{Y}au manifolds and its {P}etersson-{W}eil metric},
 BOOKTITLE = {Mathematical aspects of string theory ({S}an {D}iego,
              {C}alif., 1986)},
    SERIES = {Adv. Ser. Math. Phys.},
    VOLUME = {1},
     PAGES = {629--646},
 PUBLISHER = {World Sci. Publishing, Singapore},
      YEAR = {1987},
      ISBN = {9971-50-273-9; 9971-50-274-7},
   MRCLASS = {32G13 (32G15 53C25 58D99)},
  MRNUMBER = {915841},
}

@article{periods1,
 ISSN = {00029327, 10806377},
 author = {Phillip A. Griffiths},
 journal = {American Journal of Mathematics},
 number = {2},
 pages = {568--626},
 publisher = {The Johns Hopkins University Press},
 title = {Periods of Integrals on Algebraic Manifolds, I. (Construction and Properties of the Modular Varieties)},
 urldate = {2025-01-16},
 volume = {90},
 year = {1968}
}

@article{periods2,
 ISSN = {00029327, 10806377},
 author = {Phillip A. Griffiths},
 journal = {American Journal of Mathematics},
 number = {3},
 pages = {805--865},
 publisher = {The Johns Hopkins University Press},
 title = {Periods of Integrals on Algebraic Manifolds, II: (Local Study of the Period Mapping)},
 urldate = {2025-01-16},
 volume = {90},
 year = {1968}
}

@incollection {bryantgriffiths,
    AUTHOR = {Bryant, Robert L. and Griffiths, Phillip A.},
     TITLE = {Some observations on the infinitesimal period relations for
              regular threefolds with trivial canonical bundle},
 BOOKTITLE = {Arithmetic and geometry, {V}ol. {II}},
    SERIES = {Progr. Math.},
    VOLUME = {36},
     PAGES = {77--102},
 PUBLISHER = {Birkh\"auser Boston, Boston, MA},
      YEAR = {1983},
      ISBN = {3-7643-3133-X},
   MRCLASS = {32G13 (14C30 14J15 32J25)},
  MRNUMBER = {717607},
MRREVIEWER = {Sampei\ Usui},
}

@article {mirrormultiparam,
    AUTHOR = {Hosono, S. and Klemm, A. and Theisen, S. and Yau, S.-T.},
     TITLE = {Mirror symmetry, mirror map and applications to {C}alabi-{Y}au
              hypersurfaces},
   JOURNAL = {Comm. Math. Phys.},
  FJOURNAL = {Communications in Mathematical Physics},
    VOLUME = {167},
      YEAR = {1995},
    NUMBER = {2},
     PAGES = {301--350},
      ISSN = {0010-3616,1432-0916},
   MRCLASS = {32G81 (14J32 14M25 32G20 32J81)},
  MRNUMBER = {1316509},
MRREVIEWER = {Bruce\ Hunt},
}
@incollection {cdgp,
    AUTHOR = {Candelas, Philip and de la Ossa, Xenia C. and Green, Paul S.
              and Parkes, Linda},
     TITLE = {A pair of {C}alabi-{Y}au manifolds as an exactly soluble
              superconformal theory},
 BOOKTITLE = {Essays on mirror manifolds},
     PAGES = {31--95},
 PUBLISHER = {Int. Press, Hong Kong},
      YEAR = {1992},
      ISBN = {962-7670-01-4},
   MRCLASS = {81T40 (14J30 32G20 32G81 32J17)},
  MRNUMBER = {1191420},
}

@article {bcov,
    AUTHOR = {Bershadsky, M. and Cecotti, S. and Ooguri, H. and Vafa, C.},
     TITLE = {Kodaira-{S}pencer theory of gravity and exact results for
              quantum string amplitudes},
   JOURNAL = {Comm. Math. Phys.},
  FJOURNAL = {Communications in Mathematical Physics},
    VOLUME = {165},
      YEAR = {1994},
    NUMBER = {2},
     PAGES = {311--427},
      ISSN = {0010-3616,1432-0916},
   MRCLASS = {32G81 (14J32 14N10 32J81 58G26 81T30 81T40)},
  MRNUMBER = {1301851},
MRREVIEWER = {Bruce\ Hunt},
}
@incollection {hkq,
    AUTHOR = {Huang, M.-x. and Klemm, A. and Quackenbush, S.},
     TITLE = {Topological string theory on compact {C}alabi-{Y}au:
              modularity and boundary conditions},
 BOOKTITLE = {Homological mirror symmetry},
    SERIES = {Lecture Notes in Phys.},
    VOLUME = {757},
     PAGES = {45--102},
 PUBLISHER = {Springer, Berlin},
      YEAR = {2009},
      ISBN = {978-3-540-86374-8},
   MRCLASS = {81T45 (11F23 14J33 32Q25)},
  MRNUMBER = {2596635},
MRREVIEWER = {Yukiko\ Konishi},
}

@article {katz,
    AUTHOR = {Katz, Sheldon},
     TITLE = {On the finiteness of rational curves on quintic threefolds},
   JOURNAL = {Compositio Math.},
  FJOURNAL = {Compositio Mathematica},
    VOLUME = {60},
      YEAR = {1986},
    NUMBER = {2},
     PAGES = {151--162},
      ISSN = {0010-437X,1570-5846},
   MRCLASS = {14J30},
  MRNUMBER = {868135},
MRREVIEWER = {C.\ A. M. Peters},
}

@incollection {enumtorus,
    AUTHOR = {Kontsevich, Maxim},
     TITLE = {Enumeration of rational curves via torus actions},
 BOOKTITLE = {The moduli space of curves ({T}exel {I}sland, 1994)},
    SERIES = {Progr. Math.},
    VOLUME = {129},
     PAGES = {335--368},
 PUBLISHER = {Birkh\"auser Boston, Boston, MA},
      YEAR = {1995},
      ISBN = {0-8176-3784-2},
   MRCLASS = {14N10 (14D22 14L30)},
  MRNUMBER = {1363062},
MRREVIEWER = {Anatoly\ Libgober},
       DOI = {10.1007/978-1-4612-4264-2\_12},
}

@article {qgeommod,
    AUTHOR = {Alexandrov, Sergei and Feyzbakhsh, Soheyla and Klemm, Albrecht
              and Pioline, Boris and Schimannek, Thorsten},
     TITLE = {Quantum geometry, stability and modularity},
   JOURNAL = {Commun. Number Theory Phys.},
  FJOURNAL = {Communications in Number Theory and Physics},
    VOLUME = {18},
      YEAR = {2024},
    NUMBER = {1},
     PAGES = {49--151},
      ISSN = {1931-4523,1931-4531},
   MRCLASS = {14N35 (11F37 14J32 81T30)},
  MRNUMBER = {4761642},
       DOI = {10.4310/cntp.2024.v18.n1.a2},
}

@article {analytictorsion,
    AUTHOR = {Fang, Hao and Lu, Zhiqin and Yoshikawa, Ken-Ichi},
     TITLE = {Analytic torsion for {C}alabi-{Y}au threefolds},
   JOURNAL = {J. Differential Geom.},
  FJOURNAL = {Journal of Differential Geometry},
    VOLUME = {80},
      YEAR = {2008},
    NUMBER = {2},
     PAGES = {175--259},
      ISSN = {0022-040X,1945-743X},
   MRCLASS = {58J52 (14J32 14N10 32Q25)},
  MRNUMBER = {2454893},
MRREVIEWER = {Valentino\ Tosatti},
}
@article {alimlange,
    AUTHOR = {Alim, Murad and L\"ange, Jean Dominique},
     TITLE = {Polynomial structure of the (open) topological string
              partition function},
   JOURNAL = {J. High Energy Phys.},
  FJOURNAL = {Journal of High Energy Physics. A SISSA Journal},
      YEAR = {2007},
    NUMBER = {10},
     PAGES = {045, 13},
      ISSN = {1126-6708,1029-8479},
   MRCLASS = {81T45 (14J32 14N35 81T30 81T50)},
  MRNUMBER = {2357933},
MRREVIEWER = {Yukiko\ Konishi},
       DOI = {10.1088/1126-6708/2007/10/045},
}
@article {yy04,
    AUTHOR = {Yamaguchi, Satoshi and Yau, Shing-Tung},
     TITLE = {Topological string partition functions as polynomials},
   JOURNAL = {J. High Energy Phys.},
  FJOURNAL = {Journal of High Energy Physics. A SISSA Journal},
      YEAR = {2004},
    NUMBER = {7},
     PAGES = {047, 20},
      ISSN = {1126-6708,1029-8479},
   MRCLASS = {14N35 (14J32 14J81 81T45)},
  MRNUMBER = {2095047},
MRREVIEWER = {Yukiko\ Konishi},
       DOI = {10.1088/1126-6708/2004/07/047},
}

@article {gkmw,
    AUTHOR = {Grimm, Thomas W. and Klemm, Albrecht and Mari\~no, Marcos and
              Weiss, Marlene},
     TITLE = {Direct integration of the topological string},
   JOURNAL = {J. High Energy Phys.},
  FJOURNAL = {Journal of High Energy Physics. A SISSA Journal},
      YEAR = {2007},
    NUMBER = {8},
     PAGES = {058, 78},
      ISSN = {1126-6708,1029-8479},
   MRCLASS = {81T45 (11F37 11Z05 32G81 81T30 81T50)},
  MRNUMBER = {2342055},
MRREVIEWER = {Andrew\ Neitzke},
       DOI = {10.1088/1126-6708/2007/08/058},
}
@article {km94,
    AUTHOR = {Kontsevich, M. and Manin, Yu.},
     TITLE = {Gromov-{W}itten classes, quantum cohomology, and enumerative
              geometry},
   JOURNAL = {Comm. Math. Phys.},
  FJOURNAL = {Communications in Mathematical Physics},
    VOLUME = {164},
      YEAR = {1994},
    NUMBER = {3},
     PAGES = {525--562},
      ISSN = {0010-3616,1432-0916},
   MRCLASS = {14N10 (53C15 58D10 58F05)},
  MRNUMBER = {1291244},
MRREVIEWER = {Dietmar\ A.\ Salamon},
}

@article{wittenconj,
    author = {Kontsevich, Maxim},
    title = {Intersection theory on the moduli spaces of curves and the matrix
             Airy function},
    journaltitle = {Commun. Math. Phys.},
    volume = {147},
    number = {1},
    year = {1992},
    pages = {1--23},
}

@incollection {geom2dtft,
    AUTHOR = {Dubrovin, Boris},
     TITLE = {Geometry of {$2$}D topological field theories},
 BOOKTITLE = {Integrable systems and quantum groups ({M}ontecatini {T}erme,
              1993)},
    SERIES = {Lecture Notes in Math.},
    VOLUME = {1620},
     PAGES = {120--348},
 PUBLISHER = {Springer, Berlin},
      YEAR = {1996},
      ISBN = {3-540-60542-8},
   MRCLASS = {58D29 (14N10 20F55 32G34 58F07 81T40)},
  MRNUMBER = {1397274},
MRREVIEWER = {N.\ J.\ Hitchin},
       DOI = {10.1007/BFb0094793},
}

@incollection {zagierzinger,
    AUTHOR = {Zagier, Don and Zinger, Aleksey},
     TITLE = {Some properties of hypergeometric series associated with
              mirror symmetry},
 BOOKTITLE = {Modular forms and string duality},
    SERIES = {Fields Inst. Commun.},
    VOLUME = {54},
     PAGES = {163--177},
 PUBLISHER = {Amer. Math. Soc., Providence, RI},
      YEAR = {2008},
      ISBN = {978-0-8218-4484-7},
   MRCLASS = {33C70 (14J32 14N35 33C20 33C90)},
  MRNUMBER = {2454324},
MRREVIEWER = {Wadim\ Zudilin},
}

@article {relationsvia3spin,
    AUTHOR = {Pandharipande, Rahul and Pixton, Aaron and Zvonkine, Dimitri},
     TITLE = {Relations on {$\overline{\mathcal{M}}_{g,n}$} via {$3$}-spin
              structures},
   JOURNAL = {J. Amer. Math. Soc.},
  FJOURNAL = {Journal of the American Mathematical Society},
    VOLUME = {28},
      YEAR = {2015},
    NUMBER = {1},
     PAGES = {279--309},
      ISSN = {0894-0347,1088-6834},
   MRCLASS = {14H10 (14N35)},
  MRNUMBER = {3264769},
MRREVIEWER = {Shengmao\ Zhu},
       DOI = {10.1090/S0894-0347-2014-00808-0},
}

@article{2dsscohft,
    author = {Teleman, Constantin},
    title = {The structure of 2D semi-simple field theories},
    journaltitle = {Invent. Math.},
    volume = {188},
    year = {2012},
    pages = {525--588},
}

@incollection {ellgwmirror,
    AUTHOR = {Givental, Alexander},
     TITLE = {Elliptic {G}romov-{W}itten invariants and the generalized
              mirror conjecture},
 BOOKTITLE = {Integrable systems and algebraic geometry ({K}obe/{K}yoto,
              1997)},
     PAGES = {107--155},
 PUBLISHER = {World Sci. Publ., River Edge, NJ},
      YEAR = {1998},
      ISBN = {981-02-3266-7},
   MRCLASS = {14N35 (14M25 32S05 33C90 53D45)},
  MRNUMBER = {1672116},
MRREVIEWER = {Andreas\ Gathmann},
}

@misc{zythesis,
      title={Equivariant Gromov-Witten Theory of GKM Orbifolds}, 
      author={Zhengyu Zong},
      year={2016},
      eprint={1604.07270},
      archivePrefix={arXiv},
}
@article {g1mslg,
    AUTHOR = {Guo, Shuai and Ross, Dustin},
     TITLE = {Genus-one mirror symmetry in the {L}andau-{G}inzburg model},
   JOURNAL = {Algebr. Geom.},
  FJOURNAL = {Algebraic Geometry},
    VOLUME = {6},
      YEAR = {2019},
    NUMBER = {3},
     PAGES = {260--301},
      ISSN = {2313-1691,2214-2584},
   MRCLASS = {14N35 (14J33 53D37)},
  MRNUMBER = {3938619},
MRREVIEWER = {Dragos\ Nicolae\ Oprea},
       DOI = {10.1007/s00013-019-01351-4},
}

@article {ht2,
    AUTHOR = {Deligne, Pierre},
     TITLE = {Th\'eorie de {H}odge. {II}},
   JOURNAL = {Inst. Hautes \'Etudes Sci. Publ. Math.},
  FJOURNAL = {Institut des Hautes \'Etudes Scientifiques. Publications
              Math\'ematiques},
    NUMBER = {40},
      YEAR = {1971},
     PAGES = {5--57},
      ISSN = {0073-8301,1618-1913},
   MRCLASS = {14C30 (14F15)},
  MRNUMBER = {498551},
MRREVIEWER = {J.\ H. M. Steenbrink},
}

@article {dtloccurve,
    AUTHOR = {Okounkov, A. and Pandharipande, R.},
     TITLE = {The local {D}onaldson-{T}homas theory of curves},
   JOURNAL = {Geom. Topol.},
  FJOURNAL = {Geometry \& Topology},
    VOLUME = {14},
      YEAR = {2010},
    NUMBER = {3},
     PAGES = {1503--1567},
      ISSN = {1465-3060,1364-0380},
   MRCLASS = {14N10 (14N35)},
  MRNUMBER = {2679579},
MRREVIEWER = {Yunfeng\ Jiang},
       DOI = {10.2140/gt.2010.14.1503},
}

@article {expdeg,
    AUTHOR = {Li, Jun},
     TITLE = {Stable morphisms to singular schemes and relative stable
              morphisms},
   JOURNAL = {J. Differential Geom.},
  FJOURNAL = {Journal of Differential Geometry},
    VOLUME = {57},
      YEAR = {2001},
    NUMBER = {3},
     PAGES = {509--578},
      ISSN = {0022-040X,1945-743X},
   MRCLASS = {14N35},
  MRNUMBER = {1882667},
MRREVIEWER = {Andreas\ Gathmann},
}
@article {cosection,
    AUTHOR = {Kiem, Young-Hoon and Li, Jun},
     TITLE = {Localizing virtual cycles by cosections},
   JOURNAL = {J. Amer. Math. Soc.},
  FJOURNAL = {Journal of the American Mathematical Society},
    VOLUME = {26},
      YEAR = {2013},
    NUMBER = {4},
     PAGES = {1025--1050},
      ISSN = {0894-0347,1088-6834},
   MRCLASS = {14N35},
  MRNUMBER = {3073883},
MRREVIEWER = {Flavia\ Poma},
       DOI = {10.1090/S0894-0347-2013-00768-7},
}

@article {wittencosection,
    AUTHOR = {Chang, Huai-Liang and Li, Jun and Li, Wei-Ping},
     TITLE = {Witten's top {C}hern class via cosection localization},
   JOURNAL = {Invent. Math.},
  FJOURNAL = {Inventiones Mathematicae},
    VOLUME = {200},
      YEAR = {2015},
    NUMBER = {3},
     PAGES = {1015--1063},
      ISSN = {0020-9910,1432-1297},
   MRCLASS = {14D23 (14H99)},
  MRNUMBER = {3348143},
MRREVIEWER = {Stefan\ Schr\"oer},
       DOI = {10.1007/s00222-014-0549-5},
}

@misc{puncturedlog,
      title={Punctured logarithmic maps}, 
      author={Dan Abramovich and Qile Chen and Mark Gross and Bernd Siebert},
      year={2024},
      eprint={2009.07720},
      archivePrefix={arXiv},
}

@article {clqmap,
    AUTHOR = {Chang, Huai-Liang and Li, Mu-Lin},
     TITLE = {Invariants of stable quasimaps with fields},
   JOURNAL = {Trans. Amer. Math. Soc.},
  FJOURNAL = {Transactions of the American Mathematical Society},
    VOLUME = {373},
      YEAR = {2020},
    NUMBER = {5},
     PAGES = {3669--3691},
      ISSN = {0002-9947,1088-6850},
   MRCLASS = {14N35},
  MRNUMBER = {4082252},
MRREVIEWER = {Changzheng\ Li},
       DOI = {10.1090/tran/8011},
}
@article {localizedchern,
    AUTHOR = {Kim, Bumsig and Oh, Jeongseok},
     TITLE = {Localized {C}hern characters for 2-periodic complexes},
   JOURNAL = {Selecta Math. (N.S.)},
  FJOURNAL = {Selecta Mathematica. New Series},
    VOLUME = {28},
      YEAR = {2022},
    NUMBER = {2},
     PAGES = {Paper No. 23, 26},
      ISSN = {1022-1824,1420-9020},
   MRCLASS = {14N35 (53D45)},
  MRNUMBER = {4357478},
MRREVIEWER = {Matthew\ B.\ Young},
       DOI = {10.1007/s00029-021-00743-1},
       URL = {https://doi.org/10.1007/s00029-021-00743-1},
}

@misc{rpthesis,
      title={Moduli of stable maps with fields}, 
      author={Renata Picciotto},
      year={2021},
      eprint={2009.04385},
      archivePrefix={arXiv},
}
@article {cjw,
    AUTHOR = {Chen, Qile and Janda, Felix and Webb, Rachel},
     TITLE = {Virtual cycles of stable (quasi-)maps with fields},
   JOURNAL = {Adv. Math.},
  FJOURNAL = {Advances in Mathematics},
    VOLUME = {385},
      YEAR = {2021},
     PAGES = {Paper No. 107781, 49},
      ISSN = {0001-8708,1090-2082},
   MRCLASS = {14N35 (14D23)},
  MRNUMBER = {4261166},
MRREVIEWER = {Nathan\ Priddis},
       DOI = {10.1016/j.aim.2021.107781},
}
@article {locwccosection,
    AUTHOR = {Chang, Huai-Liang and Kiem, Young-Hoon and Li, Jun},
     TITLE = {Torus localization and wall crossing for cosection localized
              virtual cycles},
   JOURNAL = {Adv. Math.},
  FJOURNAL = {Advances in Mathematics},
    VOLUME = {308},
      YEAR = {2017},
     PAGES = {964--986},
      ISSN = {0001-8708,1090-2082},
   MRCLASS = {14N35},
  MRNUMBER = {3600080},
MRREVIEWER = {Felix\ Janda},
       DOI = {10.1016/j.aim.2016.12.019},
}

@misc{virtloc2,
      title={Virtual localization revisited}, 
      author={Dhyan Aranha and Adeel A. Khan and Alexei Latyntsev and Hyeonjun Park and Charanya Ravi},
      year={2024},
      eprint={2207.01652},
      archivePrefix={arXiv},
}
@article {descancestor,
    AUTHOR = {Kontsevich, M. and Manin, Yu.},
     TITLE = {Relations between the correlators of the topological
              sigma-model coupled to gravity},
   JOURNAL = {Comm. Math. Phys.},
  FJOURNAL = {Communications in Mathematical Physics},
    VOLUME = {196},
      YEAR = {1998},
    NUMBER = {2},
     PAGES = {385--398},
      ISSN = {0010-3616,1432-0916},
   MRCLASS = {14H10 (14D15 14D20 14N10 58D10)},
  MRNUMBER = {1645019},
MRREVIEWER = {Alexandre\ I.\ Kabanov},
       DOI = {10.1007/s002200050426},
}

@article {kimlho,
    AUTHOR = {Kim, Bumsig and Lho, Hyenho},
     TITLE = {Mirror theorem for elliptic quasimap invariants},
   JOURNAL = {Geom. Topol.},
  FJOURNAL = {Geometry \& Topology},
    VOLUME = {22},
      YEAR = {2018},
    NUMBER = {3},
     PAGES = {1459--1481},
      ISSN = {1465-3060,1364-0380},
   MRCLASS = {14N35 (14D23)},
  MRNUMBER = {3780438},
MRREVIEWER = {Amin\ Gholampour},
       DOI = {10.2140/gt.2018.22.1459},
}

@article {sqhae,
    AUTHOR = {Lho, Hyenho and Pandharipande, Rahul},
     TITLE = {Stable quotients and the holomorphic anomaly equation},
   JOURNAL = {Adv. Math.},
  FJOURNAL = {Advances in Mathematics},
    VOLUME = {332},
      YEAR = {2018},
     PAGES = {349--402},
      ISSN = {0001-8708,1090-2082},
   MRCLASS = {14N35 (14J33)},
  MRNUMBER = {3810256},
MRREVIEWER = {Richard\ P.\ Thomas},
       DOI = {10.1016/j.aim.2018.05.020},
}
@misc{generalmsp,
      title={Mixed-Spin-P fields for GIT quotients},
      author={Huai-Liang Chang and Shuai Guo and Jun Li and Wei-Ping Li and Yang Zhou},
      year={2023},
      eprint={2312.11174},
      archivePrefix={arXiv},
}

@article {topviewofgw,
    AUTHOR = {Maulik, D. and Pandharipande, R.},
     TITLE = {A topological view of {G}romov-{W}itten theory},
   JOURNAL = {Topology},
  FJOURNAL = {Topology. An International Journal of Mathematics},
    VOLUME = {45},
      YEAR = {2006},
    NUMBER = {5},
     PAGES = {887--918},
      ISSN = {0040-9383},
   MRCLASS = {14N35 (53D45)},
  MRNUMBER = {2248516},
MRREVIEWER = {Renzo\ Cavalieri},
       DOI = {10.1016/j.top.2006.06.002},
}

@article {qmapwc,
    AUTHOR = {Zhou, Yang},
     TITLE = {Quasimap wall-crossing for {GIT} quotients},
   JOURNAL = {Invent. Math.},
  FJOURNAL = {Inventiones Mathematicae},
    VOLUME = {227},
      YEAR = {2022},
    NUMBER = {2},
     PAGES = {581--660},
      ISSN = {0020-9910,1432-1297},
   MRCLASS = {14L24},
  MRNUMBER = {4372221},
MRREVIEWER = {Claudia\ R.\ Alc\'antara},
       DOI = {10.1007/s00222-021-01071-z},
}

@article {fanlee,
    AUTHOR = {Fan, Honglu and Lee, Yuan-Pin},
     TITLE = {Towards a quantum {L}efschetz hyperplane theorem in all
              genera},
   JOURNAL = {Geom. Topol.},
  FJOURNAL = {Geometry \& Topology},
    VOLUME = {23},
      YEAR = {2019},
    NUMBER = {1},
     PAGES = {493--512},
      ISSN = {1465-3060,1364-0380},
   MRCLASS = {14N35},
  MRNUMBER = {3921324},
MRREVIEWER = {Siu-Cheong\ Lau},
       DOI = {10.2140/gt.2019.23.493},
}

@article{guffin,
title = {A-twisted Landau–Ginzburg models},
journal = {Journal of Geometry and Physics},
volume = {59},
number = {12},
pages = {1547-1580},
year = {2009},
issn = {0393-0440},
doi = {https://doi.org/10.1016/j.geomphys.2009.07.014},
author = {Josh Guffin and Eric Sharpe},
keywords = {Correlation functions, Landau–Ginzburg models, A-twist},
abstract = {In this paper we discuss correlation functions in certain A-twisted Landau–Ginzburg models. Although B-twisted Landau–Ginzburg models have been discussed extensively in the literature, virtually no work has been done on A-twisted theories. In particular, we study examples of Landau–Ginzburg models over topologically nontrivial spaces–not just vector spaces–away from large-radius limits, so that one expects nontrivial curve corrections. By studying examples of Landau–Ginzburg models in the same universality class as nonlinear sigma models on nontrivial Calabi–Yaus, we obtain nontrivial tests of our methods as well as a physical realization of some simple examples of virtual fundamental class computations.}
}
@article {mfcohftFJRW,
    AUTHOR = {Polishchuk, Alexander and Vaintrob, Arkady},
     TITLE = {Matrix factorizations and cohomological field theories},
   JOURNAL = {J. Reine Angew. Math.},
  FJOURNAL = {Journal f\"ur die Reine und Angewandte Mathematik. [Crelle's
              Journal]},
    VOLUME = {714},
      YEAR = {2016},
     PAGES = {1--122},
      ISSN = {0075-4102,1435-5345},
   MRCLASS = {14N35 (14H10)},
  MRNUMBER = {3491884},
MRREVIEWER = {J\'er\'emy\ C\'edric\ Gu\'er\'e},
       DOI = {10.1515/crelle-2014-0024},
}

@article {wittenkthy,
    AUTHOR = {Chiodo, Alessandro},
     TITLE = {The {W}itten top {C}hern class via {$K$}-theory},
   JOURNAL = {J. Algebraic Geom.},
  FJOURNAL = {Journal of Algebraic Geometry},
    VOLUME = {15},
      YEAR = {2006},
    NUMBER = {4},
     PAGES = {681--707},
      ISSN = {1056-3911,1534-7486},
   MRCLASS = {14H10 (14C35 14N35)},
  MRNUMBER = {2237266},
MRREVIEWER = {Dan\ Abramovich},
       DOI = {10.1090/S1056-3911-06-00444-9},
}
@article {msp3,
    AUTHOR = {Chang, Huai-Liang and Li, Jun},
     TITLE = {A vanishing associated with irregular {MSP} fields},
   JOURNAL = {Int. Math. Res. Not. IMRN},
  FJOURNAL = {International Mathematics Research Notices. IMRN},
      YEAR = {2020},
    NUMBER = {20},
     PAGES = {7347--7396},
      ISSN = {1073-7928,1687-0247},
   MRCLASS = {14N35 (14J32 14J81)},
  MRNUMBER = {4172685},
MRREVIEWER = {Hsian-Hua\ Tseng},
       DOI = {10.1093/imrn/rnaa049},
}

@article {genusonemsp,
    AUTHOR = {Chang, Huai-Liang and Guo, Shuai and Li, Wei-Ping and Zhou,
              Jie},
     TITLE = {Genus-one {G}romov-{W}itten invariants of quintic three-folds
              via {MSP} localization},
   JOURNAL = {Int. Math. Res. Not. IMRN},
  FJOURNAL = {International Mathematics Research Notices. IMRN},
      YEAR = {2020},
    NUMBER = {19},
     PAGES = {6347--6390},
      ISSN = {1073-7928,1687-0247},
   MRCLASS = {14N35 (05E14 33C80)},
  MRNUMBER = {4165907},
MRREVIEWER = {Luca\ Battistella},
       DOI = {10.1093/imrn/rny201},
}

@misc{bounded,
      title={A boundedness theorem for principal bundles on curves}, 
      author={Huai-Liang Chang and Shuai Guo and Jun Li and Wei-Ping Li and Yang Zhou},
      year={2023},
      eprint={2312.11197},
      archivePrefix={arXiv},
}

@article {av,
    AUTHOR = {Abramovich, Dan and Vistoli, Angelo},
     TITLE = {Compactifying the space of stable maps},
   JOURNAL = {J. Amer. Math. Soc.},
  FJOURNAL = {Journal of the American Mathematical Society},
    VOLUME = {15},
      YEAR = {2002},
    NUMBER = {1},
     PAGES = {27--75},
      ISSN = {0894-0347,1088-6834},
   MRCLASS = {14H10 (14A20 14D20 14N35)},
  MRNUMBER = {1862797},
MRREVIEWER = {Tyler\ J.\ Jarvis},
       DOI = {10.1090/S0894-0347-01-00380-0},
}

@article {dhgit,
    AUTHOR = {Dolgachev, Igor V. and Hu, Yi},
     TITLE = {Variation of geometric invariant theory quotients},
      NOTE = {With an appendix by Nicolas Ressayre},
   JOURNAL = {Inst. Hautes \'Etudes Sci. Publ. Math.},
  FJOURNAL = {Institut des Hautes \'Etudes Scientifiques. Publications
              Math\'ematiques},
    NUMBER = {87},
      YEAR = {1998},
     PAGES = {5--56},
      ISSN = {0073-8301,1618-1913},
   MRCLASS = {14L24},
  MRNUMBER = {1659282},
MRREVIEWER = {P.\ E.\ Newstead},
}
@article {qmapwcms,
    AUTHOR = {Ciocan-Fontanine, Ionu\c t{} and Kim, Bumsig},
     TITLE = {Quasimap wall-crossings and mirror symmetry},
   JOURNAL = {Publ. Math. Inst. Hautes \'Etudes Sci.},
  FJOURNAL = {Publications Math\'ematiques. Institut de Hautes \'Etudes
              Scientifiques},
    VOLUME = {131},
      YEAR = {2020},
     PAGES = {201--260},
      ISSN = {0073-8301,1618-1913},
   MRCLASS = {14N35 (14L24)},
  MRNUMBER = {4106795},
MRREVIEWER = {William\ Liu},
       DOI = {10.1007/s10240-020-00114-0},
}

@article {clader,
    AUTHOR = {Clader, Emily},
     TITLE = {Landau-{G}inzburg/{C}alabi-{Y}au correspondence for the
              complete intersections {$X_{3,3}$} and {$X_{2,2,2,2}$}},
   JOURNAL = {Adv. Math.},
  FJOURNAL = {Advances in Mathematics},
    VOLUME = {307},
      YEAR = {2017},
     PAGES = {1--52},
      ISSN = {0001-8708,1090-2082},
   MRCLASS = {14J33 (14N35)},
  MRNUMBER = {3590512},
MRREVIEWER = {Tyler\ L.\ Kelly},
       DOI = {10.1016/j.aim.2016.11.010},
}

@misc{qgmm,
      title={Quantum geometry and mock modularity}, 
      author={Sergei Alexandrov and Soheyla Feyzbakhsh and Albrecht Klemm and Boris Pioline},
      year={2023},
      eprint={2312.12629},
      archivePrefix={arXiv},
}

@article {botteg,
    AUTHOR = {Ellingsrud, Geir and Str{\o}mme, Stein Arild},
     TITLE = {Bott's formula and enumerative geometry},
   JOURNAL = {J. Amer. Math. Soc.},
  FJOURNAL = {Journal of the American Mathematical Society},
    VOLUME = {9},
      YEAR = {1996},
    NUMBER = {1},
     PAGES = {175--193},
      ISSN = {0894-0347,1088-6834},
   MRCLASS = {14N10 (14C05 14C25)},
  MRNUMBER = {1317230},
       DOI = {10.1090/S0894-0347-96-00189-0},
}
