@misc{stacks,
  author       = {The {Stacks project authors}},
  title        = {The Stacks project},
  howpublished = {\url{https://stacks.math.columbia.edu}},
  year         = {2023},
}

@misc{schemesnotes,
author = {Patrick Lei},
title = {Algebraic geometry (Spring 2021)},
howpublished = {\url{https://math.columbia.edu/~plei/docs/AG.pdf}},
year = {2021},
}
@misc{canotes,
author = {Patrick Lei},
title = {Commutative algebra (Fall 2020)},
howpublished = {\url{https://math.columbia.edu/~plei/docs/CA.pdf}},
year = {2020},
}
@misc{fganotes,
author = {Patrick Lei},
title = {FGA explained learning seminar (Fall 2020)},
howpublished = {\url{https://math.columbia.edu/~plei/docs/FGA.pdf}},
year = {2020},
}
@misc{hodge,
author = {Patrick Lei},
title = {Seminar on mixed Hodge structures (Fall 2021)},
howpublished = {\url{https://math.columbia.edu/~plei/docs/HT.pdf}},
year = {2021},
}
@misc{mmp,
author = {Patrick Lei},
title = {Minimal model program learning seminar (Spring 2021)},
howpublished = {\url{https://math.columbia.edu/~plei/docs/MMP.pdf}},
year = {2021},
}
@misc{intersection,
author = {Patrick Lei},
title = {Intersection theory learning seminar (Spring 2021)},
howpublished = {\url{https://math.columbia.edu/~plei/docs/INT.pdf}},
year = {2021},
}
@misc{git,
author = {Patrick Lei},
title = {Geometric invariant theory learning seminar (Fall 2020)},
howpublished = {\url{https://math.columbia.edu/~plei/docs/GIT.pdf}},
year = {2020},
}
@misc{deformation,
author = {Patrick Lei},
title = {Deformation theory graduate student seminar (Fall 2021)},
howpublished = {\url{https://math.columbia.edu/~plei/docs/DEF.pdf}},
year = {2021},
}
@misc{hk,
author = {Patrick Lei},
title = {Moduli spaces and hyperk\"ahler manifolds (Fall 2021)},
howpublished = {\url{https://math.columbia.edu/~plei/docs/HK.pdf}},
year = {2021},
}
@misc{hyperbolicity,
author = {Patrick Lei},
title = {Hyperbolicity graduate student seminar (Spring 2022)},
howpublished = {\url{https://math.columbia.edu/~plei/docs/HYP.pdf}},
year = {2022},
}
@misc{ieg,
author = {Patrick Lei},
title = {Informal enumerative geometry seminar (Spring 2022)},
howpublished = {\url{https://math.columbia.edu/~plei/docs/IEG.pdf}},
year = {2022},
}
